<record><leader>00000cas a22000007a 4500</leader><controlfield tag="001">22151477</controlfield><controlfield tag="008">900727c19809999aruwr ne      0    0eng d</controlfield><datafield ind1=" " ind2=" " tag="010"><subfield code="a">sn 90050257 </subfield></datafield><datafield ind1=" " ind2=" " tag="040"><subfield code="a">ANU</subfield><subfield code="b">eng</subfield><subfield code="c">ANU</subfield><subfield code="d">OCLCQ</subfield><subfield code="d">OCLCF</subfield><subfield code="d">OCLCO</subfield></datafield><datafield ind1="1" ind2=" " tag="029"><subfield code="a">AU@</subfield><subfield code="b">000025903960</subfield></datafield><datafield ind1=" " ind2=" " tag="042"><subfield code="a">msc</subfield></datafield><datafield ind1="0" ind2="4" tag="245"><subfield code="a">The Ashley news observer.</subfield></datafield><datafield ind1=" " ind2=" " tag="260"><subfield code="a">Crossett, Ark. :</subfield><subfield code="b">Larry W. Johnson</subfield></datafield><datafield ind1=" " ind2=" " tag="300"><subfield code="a">v.</subfield></datafield><datafield ind1=" " ind2=" " tag="310"><subfield code="a">Weekly</subfield></datafield><datafield ind1="0" ind2=" " tag="362"><subfield code="a">Vol. 40, no. 24 (June 11, 1980)-</subfield></datafield><datafield ind1=" " ind2="0" tag="651"><subfield code="a">Crossett (Ark.)</subfield><subfield code="v">Newspapers.</subfield></datafield><datafield ind1=" " ind2="7" tag="655"><subfield code="a">Newspapers.</subfield><subfield code="2">fast</subfield><subfield code="0">(OCoLC)fst01423814</subfield></datafield><datafield ind1=" " ind2="7" tag="651"><subfield code="a">Arkansas</subfield><subfield code="z">Crossett.</subfield><subfield code="2">fast</subfield><subfield code="0">(OCoLC)fst01216691</subfield></datafield><datafield ind1=" " ind2=" " tag="752"><subfield code="a">United States</subfield><subfield code="b">Arkansas</subfield><subfield code="c">Ashley</subfield><subfield code="d">Crossett.</subfield></datafield><datafield ind1="0" ind2="0" tag="780"><subfield code="t">News observer (Crossett, Ark.)</subfield><subfield code="w">(DLC)sn 90050255</subfield></datafield></record>